@proceedings{DBLP:conf/sosr/2019,
  title     = {Proceedings of the 2019 {ACM} Symposium on {SDN} Research, {SOSR}
               2019, San Jose, CA, USA, April 3-4, 2019},
  publisher = {{ACM}},
  year      = {2019},
  url       = {https://dl.acm.org/citation.cfm?id=3314148},
  isbn      = {978-1-4503-6710-3},
  timestamp = {Thu, 28 Mar 2019 15:17:13 +0100},
  biburl    = {https://dblp.org/rec/bib/conf/sosr/2019},
  bibsource = {dblp computer science bibliography, https://dblp.org}
}

@proceedings{DBLP:conf/sosr/2017,
	title     = {Proceedings of the Symposium on {SDN} Research, {SOSR} 2017, Santa
	Clara, CA, USA, April 3-4, 2017},
	publisher = {{ACM}},
	year      = {2017},
	url       = {https://doi.org/10.1145/3050220},
	doi       = {10.1145/3050220},
	isbn      = {978-1-4503-4947-5},
	timestamp = {Tue, 06 Nov 2018 11:07:02 +0100},
	biburl    = {https://dblp.org/rec/bib/conf/sosr/2017},
	bibsource = {dblp computer science bibliography, https://dblp.org}
}

@proceedings{DBLP:conf/sigcomm/2018selfdn,
	title     = {Proceedings of the Afternoon Workshop on Self-Driving Networks, SelfDN@SIGCOMM
	2018, Budapest, Hungary, August 24, 2018},
	publisher = {{ACM}},
	year      = {2018},
	url       = {http://dl.acm.org/citation.cfm?id=3229584},
	timestamp = {Thu, 19 Jul 2018 17:55:32 +0200},
	biburl    = {https://dblp.org/rec/bib/conf/sigcomm/2018selfdn},
	bibsource = {dblp computer science bibliography, https://dblp.org}
}

@proceedings{DBLP:conf/imc/2009,
	editor    = {Anja Feldmann and
	Laurent Mathy},
	title     = {Proceedings of the 9th {ACM} {SIGCOMM} Internet Measurement Conference,
	{IMC} 2009, Chicago, Illinois, USA, November 4-6, 2009},
	publisher = {{ACM}},
	year      = {2009},
	isbn      = {978-1-60558-771-4},
	timestamp = {Sat, 19 Aug 2017 20:08:45 +0200},
	biburl    = {https://dblp.org/rec/bib/conf/imc/2009},
	bibsource = {dblp computer science bibliography, https://dblp.org}
}

@proceedings{DBLP:conf/networking/2010,
  editor    = {Mark Crovella and
               Laura Marie Feeney and
               Dan Rubenstein and
               S. V. Raghavan},
  title     = {{NETWORKING} 2010, 9th International {IFIP} {TC} 6 Networking Conference,
               Chennai, India, May 11-15, 2010. Proceedings},
  series    = {Lecture Notes in Computer Science},
  volume    = {6091},
  publisher = {Springer},
  year      = {2010},
  url       = {https://doi.org/10.1007/978-3-642-12963-6},
  doi       = {10.1007/978-3-642-12963-6},
  isbn      = {978-3-642-12962-9},
  timestamp = {Tue, 14 May 2019 10:00:44 +0200},
  biburl    = {https://dblp.org/rec/bib/conf/networking/2010},
  bibsource = {dblp computer science bibliography, https://dblp.org}
}

@proceedings{DBLP:conf/asru/2013,
  title     = {2013 {IEEE} Workshop on Automatic Speech Recognition and Understanding,
               Olomouc, Czech Republic, December 8-12, 2013},
  publisher = {{IEEE}},
  year      = {2013},
  url       = {http://ieeexplore.ieee.org/xpl/mostRecentIssue.jsp?punumber=6695806},
  isbn      = {978-1-4799-2756-2},
  timestamp = {Thu, 18 Feb 2016 12:29:12 +0100},
  biburl    = {https://dblp.org/rec/bib/conf/asru/2013},
  bibsource = {dblp computer science bibliography, https://dblp.org}
}

@proceedings{DBLP:conf/emnlp/2014,
  editor    = {Alessandro Moschitti and
               Bo Pang and
               Walter Daelemans},
  title     = {Proceedings of the 2014 Conference on Empirical Methods in Natural
               Language Processing, {EMNLP} 2014, October 25-29, 2014, Doha, Qatar,
               {A} meeting of SIGDAT, a Special Interest Group of the {ACL}},
  publisher = {{ACL}},
  year      = {2014},
  url       = {https://www.aclweb.org/anthology/volumes/D14-1/},
  isbn      = {978-1-937284-96-1},
  timestamp = {Fri, 13 Sep 2019 13:08:45 +0200},
  biburl    = {https://dblp.org/rec/bib/conf/emnlp/2014},
  bibsource = {dblp computer science bibliography, https://dblp.org}
}
