@inproceedings{DBLP:conf/sosr/KannanJC19,
  author    = {Pravein Govindan Kannan and
               Raj Joshi and
               Mun Choon Chan},
  title     = {Precise Time-synchronization in the Data-Plane using Programmable
               Switching {ASIC}s},
  booktitle = {Proceedings of the 2019 {ACM} Symposium on {SDN} Research, {SOSR}
               2019, San Jose, CA, USA, April 3-4, 2019.},
  pages     = {8--20},
  year      = {2019},
  crossref  = {DBLP:conf/sosr/2019},
  url       = {https://doi.org/10.1145/3314148.3314353},
  doi       = {10.1145/3314148.3314353},
  timestamp = {Thu, 28 Mar 2019 15:21:48 +0100},
  biburl    = {https://dblp.org/rec/bib/conf/sosr/KannanJC19},
  bibsource = {dblp computer science bibliography, https://dblp.org}
}

@inproceedings{DBLP:conf/sosr/GhasemiBR17,
	author    = {Mojgan Ghasemi and
	Theophilus Benson and
	Jennifer Rexford},
	title     = {Dapper: Data Plane Performance Diagnosis of {TCP}},
	booktitle = {Proceedings of the Symposium on {SDN} Research, {SOSR} 2017, Santa
	Clara, CA, USA, April 3-4, 2017},
	pages     = {61--74},
	year      = {2017},
	crossref  = {DBLP:conf/sosr/2017},
	url       = {https://doi.org/10.1145/3050220.3050228},
	doi       = {10.1145/3050220.3050228},
	timestamp = {Tue, 06 Nov 2018 11:07:02 +0100},
	biburl    = {https://dblp.org/rec/bib/conf/sosr/GhasemiBR17},
	bibsource = {dblp computer science bibliography, https://dblp.org}
}

@article{DBLP:journals/ccr/KarnP87,
	author    = {Phil Karn and
	Craig Partridge},
	title     = {Improving round-trip time estimates in reliable transport protocols},
	journal   = {Computer Communication Review},
	volume    = {17},
	number    = {5},
	pages     = {2--7},
	year      = {1987},
	url       = {https://doi.org/10.1145/55483.55484},
	doi       = {10.1145/55483.55484},
	timestamp = {Tue, 06 Nov 2018 12:51:52 +0100},
	biburl    = {https://dblp.org/rec/bib/journals/ccr/KarnP87},
	bibsource = {dblp computer science bibliography, https://dblp.org}
}

@inproceedings{DBLP:conf/sigcomm/ChenFKRR18,
	author    = {Xiaoqi Chen and
	Shir Landau Feibish and
	Yaron Koral and
	Jennifer Rexford and
	Ori Rottenstreich},
	title     = {Catching the Microburst Culprits with Snappy},
	booktitle = {Proceedings of the Afternoon Workshop on Self-Driving Networks, SelfDN@SIGCOMM
	2018, Budapest, Hungary, August 24, 2018},
	pages     = {22--28},
	year      = {2018},
	crossref  = {DBLP:conf/sigcomm/2018selfdn},
	url       = {https://doi.org/10.1145/3229584.3229586},
	doi       = {10.1145/3229584.3229586},
	timestamp = {Wed, 21 Nov 2018 12:44:03 +0100},
	biburl    = {https://dblp.org/rec/bib/conf/sigcomm/ChenFKRR18},
	bibsource = {dblp computer science bibliography, https://dblp.org}
}

@inproceedings{DBLP:conf/imc/QianGMSSW09,
	author    = {Feng Qian and
	Alexandre Gerber and
	Zhuoqing Morley Mao and
	Subhabrata Sen and
	Oliver Spatscheck and
	Walter Willinger},
	title     = {{TCP} revisited: a fresh look at {TCP} in the wild},
	booktitle = {Proceedings of the 9th {ACM} {SIGCOMM} Internet Measurement Conference,
	{IMC} 2009, Chicago, Illinois, USA, November 4-6, 2009},
	pages     = {76--89},
	year      = {2009},
	crossref  = {DBLP:conf/imc/2009},
	url       = {https://doi.org/10.1145/1644893.1644903},
	doi       = {10.1145/1644893.1644903},
	timestamp = {Tue, 06 Nov 2018 11:07:19 +0100},
	biburl    = {https://dblp.org/rec/bib/conf/imc/QianGMSSW09},
	bibsource = {dblp computer science bibliography, https://dblp.org}
}

@article{DBLP:journals/ccr/BosshartDGIMRSTVVW14,
  author    = {Pat Bosshart and
               Dan Daly and
               Glen Gibb and
               Martin Izzard and
               Nick McKeown and
               Jennifer Rexford and
               Cole Schlesinger and
               Dan Talayco and
               Amin Vahdat and
               George Varghese and
               David Walker},
  title     = {{P4:} programming protocol-independent packet processors},
  journal   = {Computer Communication Review},
  volume    = {44},
  number    = {3},
  pages     = {87--95},
  year      = {2014},
  url       = {https://doi.org/10.1145/2656877.2656890},
  doi       = {10.1145/2656877.2656890},
  timestamp = {Tue, 06 Nov 2018 12:51:52 +0100},
  biburl    = {https://dblp.org/rec/bib/journals/ccr/BosshartDGIMRSTVVW14},
  bibsource = {dblp computer science bibliography, https://dblp.org}
}

@inproceedings{DBLP:conf/networking/CarraAABNP10,
  author    = {Damiano Carra and
               Konstantin Avrachenkov and
               Sara Alouf and
               Alberto Blanc and
               Philippe Nain and
               Georg Post},
  title     = {Passive Online {RTT} Estimation for Flow-Aware Routers Using One-Way
               Traffic},
  booktitle = {{NETWORKING} 2010, 9th International {IFIP} {TC} 6 Networking Conference,
               Chennai, India, May 11-15, 2010. Proceedings},
  pages     = {109--121},
  year      = {2010},
  crossref  = {DBLP:conf/networking/2010},
  url       = {https://doi.org/10.1007/978-3-642-12963-6\_9},
  doi       = {10.1007/978-3-642-12963-6\_9},
  timestamp = {Tue, 14 May 2019 10:00:44 +0200},
  biburl    = {https://dblp.org/rec/bib/conf/networking/CarraAABNP10},
  bibsource = {dblp computer science bibliography, https://dblp.org}
}

@article{DBLP:journals/neco/HochreiterS97,
  author    = {Sepp Hochreiter and
               J{\"{u}}rgen Schmidhuber},
  title     = {Long Short-Term Memory},
  journal   = {Neural Computation},
  volume    = {9},
  number    = {8},
  pages     = {1735--1780},
  year      = {1997},
  url       = {https://doi.org/10.1162/neco.1997.9.8.1735},
  doi       = {10.1162/neco.1997.9.8.1735},
  timestamp = {Wed, 14 Nov 2018 10:31:22 +0100},
  biburl    = {https://dblp.org/rec/bib/journals/neco/HochreiterS97},
  bibsource = {dblp computer science bibliography, https://dblp.org}
}

@inproceedings{DBLP:conf/icccn/HagosEYK18,
  author    = {Desta Haileselassie Hagos and
               Paal E. Engelstad and
               Anis Yazidi and
               {\O}ivind Kure},
  title     = {Towards a Robust and Scalable {TCP} Flavors Prediction Model from
               Passive Traffic},
  booktitle = {27th International Conference on Computer Communication and Networks,
               {ICCCN} 2018, Hangzhou, China, July 30 - August 2, 2018},
  pages     = {1--11},
  year      = {2018},
  crossref  = {DBLP:conf/icccn/2018},
  url       = {https://doi.org/10.1109/ICCCN.2018.8487396},
  doi       = {10.1109/ICCCN.2018.8487396},
  timestamp = {Fri, 12 Oct 2018 15:14:51 +0200},
  biburl    = {https://dblp.org/rec/bib/conf/icccn/HagosEYK18},
  bibsource = {dblp computer science bibliography, https://dblp.org}
}

@article{DBLP:journals/queue/CardwellCGYJ16,
  author    = {Neal Cardwell and
               Yuchung Cheng and
               C. Stephen Gunn and
               Soheil Hassas Yeganeh and
               Van Jacobson},
  title     = {{BBR:} Congestion-Based Congestion Control},
  journal   = {{ACM} Queue},
  volume    = {14},
  number    = {5},
  pages     = {20--53},
  year      = {2016},
  url       = {http://doi.acm.org/10.1145/3012426.3022184},
  doi       = {10.1145/3012426.3022184},
  timestamp = {Fri, 06 Jan 2017 18:45:34 +0100},
  biburl    = {https://dblp.org/rec/bib/journals/queue/CardwellCGYJ16},
  bibsource = {dblp computer science bibliography, https://dblp.org}
}

@inproceedings{DBLP:conf/asru/GravesJM13,
  author    = {Alex Graves and
               Navdeep Jaitly and
               Abdel{-}rahman Mohamed},
  title     = {Hybrid speech recognition with Deep Bidirectional {LSTM}},
  booktitle = {2013 {IEEE} Workshop on Automatic Speech Recognition and Understanding,
               Olomouc, Czech Republic, December 8-12, 2013},
  pages     = {273--278},
  year      = {2013},
  crossref  = {DBLP:conf/asru/2013},
  url       = {https://doi.org/10.1109/ASRU.2013.6707742},
  doi       = {10.1109/ASRU.2013.6707742},
  timestamp = {Fri, 26 May 2017 00:51:03 +0200},
  biburl    = {https://dblp.org/rec/bib/conf/asru/GravesJM13},
  bibsource = {dblp computer science bibliography, https://dblp.org}
}

@inproceedings{DBLP:conf/emnlp/ChoMGBBSB14,
  author    = {Kyunghyun Cho and
               Bart van Merrienboer and
               {\c{C}}aglar G{\"{u}}l{\c{c}}ehre and
               Dzmitry Bahdanau and
               Fethi Bougares and
               Holger Schwenk and
               Yoshua Bengio},
  title     = {Learning Phrase Representations using {RNN} Encoder-Decoder for Statistical
               Machine Translation},
  booktitle = {Proceedings of the 2014 Conference on Empirical Methods in Natural
               Language Processing, {EMNLP} 2014, October 25-29, 2014, Doha, Qatar,
               {A} meeting of SIGDAT, a Special Interest Group of the {ACL}},
  pages     = {1724--1734},
  year      = {2014},
  crossref  = {DBLP:conf/emnlp/2014},
  url       = {https://www.aclweb.org/anthology/D14-1179/},
  timestamp = {Fri, 13 Sep 2019 13:08:45 +0200},
  biburl    = {https://dblp.org/rec/bib/conf/emnlp/ChoMGBBSB14},
  bibsource = {dblp computer science bibliography, https://dblp.org}
}
